@article{MusicComSurvey,
  title={Current challenges and visions in music recommender systems research},
  author={Schedl, Markus and Zamani, Hamed and Chen, Ching-Wei and Deldjoo, Yashar and Elahi, Mehdi},
  journal={International Journal of Multimedia Information Retrieval},
  volume={7},
  number={2},
  pages={95--116},
  year={2018},
  publisher={Springer}
}

@inproceedings{MusicComFeature,
  title={New paths in music recommender systems research},
  author={Schedl, Markus and Knees, Peter and Gouyon, Fabien},
  booktitle={Proceedings of the Eleventh ACM Conference on Recommender Systems},
  pages={392--393},
  year={2017},
  organization={ACM}
}

@article{MusicUses,
  title={Can personality traits predict musical style preferences? A meta-analysis},
  author={Sch{\"a}fer, Thomas and Mehlhorn, Claudia},
  journal={Personality and Individual Differences},
  volume={116},
  pages={265--273},
  year={2017},
  publisher={Elsevier}
}

@article{EmotionInflunce,
title={Finding words for emotions: The reactions of patients with major depressive disorder towards various musical excerpts},
author={Bodner, Ehud and Iancu, Iulian and Gilboa, Avi and Sarel, Amiram and Mazor, Avi and Amir, Dorit},
journal={Arts in Psychotherapy},
volume={34},
number={2},
pages={142--150},
year={2007}}

@MISC{SituationalInflunce,
    author = {Michael Gillhofer and Markus Schedl},
    title = {Iron Maiden while jogging, Debussy for dinner? An analysis of music listening behavior in context},
    year = {}
}

@article{LocationalInflunce,
title={Location-aware music recommendation using auto-tagging and hybrid matching},
author={Kaminskas, Marius and Ricci, Francesco and Schedl, Markus},
pages={17--24},
year={2013}}

@article{Challange,
  title={Contextual music information retrieval and recommendation: State of the art and challenges},
  author={Kaminskas, Marius and Ricci, Francesco},
  journal={Computer Science Review},
  volume={6},
  number={2-3},
  pages={89--119},
  year={2012},
  publisher={Elsevier}
}

@article{ColdStart,
  title={Toward the next generation of recommender systems: A survey of the state-of-the-art and possible extensions},
  author={Adomavicius, Gediminas and Tuzhilin, Alexander},
  journal={IEEE Transactions on Knowledge \& Data Engineering},
  number={6},
  pages={734--749},
  year={2005},
  publisher={IEEE}
}

@inproceedings{Context,
  title={The Importance of Song Context in Music Playlists.},
  author={Vall, Andreu and Quadrana, Massimo and Schedl, Markus and Widmer, Gerhard and Cremonesi, Paolo},
  booktitle={RecSys Posters},
  year={2017}
}

@article{TimeInflunce,
  title={Saturday night or fever? context-aware music playlists},
  author={Cunningham, Stuart and Caulder, Stephen and Grout, Vic},
  journal={Proc. Audio Mostly},
  year={2008},
  publisher={Citeseer}
}

@inproceedings{Location,
  title={Just-for-me: an adaptive personalization system for location-aware social music recommendation},
  author={Cheng, Zhiyong and Shen, Jialie},
  booktitle={Proceedings of international conference on multimedia retrieval},
  pages={185},
  year={2014},
  organization={ACM}
}

@article{Season,
  title={Music for the seasons: seasonal music preferences in college students},
  author={Pettijohn, Terry F and Williams, Greg M and Carter, Tiffany C},
  journal={Current Psychology},
  volume={29},
  number={4},
  pages={328--345},
  year={2010},
  publisher={Springer}
}

@inproceedings{Culture,
  title={Learning a feature space for similarity in world music},
  author={Panteli, Maria and Benetos, Emmanouil and Dixon, Simon and others},
  year={2016},
  organization={ISMIR}
}

@article{CFSurvey,
  title={A survey of collaborative filtering techniques},
  author={Su, Xiaoyuan and Khoshgoftaar, Taghi M},
  journal={Advances in artificial intelligence},
  volume={2009},
  year={2009},
  publisher={Hindawi}
}

@article{ItemCF,
  title={Item-based collaborative filtering recommendation algorithms.},
  author={Sarwar, Badrul Munir and Karypis, George and Konstan, Joseph A and Riedl, John and others},
  journal={Www},
  volume={1},
  pages={285--295},
  year={2001}
}

@inproceedings{UserCF,
  title={Empirical analysis of predictive algorithms for collaborative filtering},
  author={Breese, John S and Heckerman, David and Kadie, Carl},
  booktitle={Proceedings of the Fourteenth conference on Uncertainty in artificial intelligence},
  pages={43--52},
  year={1998},
  organization={Morgan Kaufmann Publishers Inc.}
}

@inproceedings{CorrWeight,
  title={GroupLens: an open architecture for collaborative filtering of netnews},
  author={Resnick, Paul and Iacovou, Neophytos and Suchak, Mitesh and Bergstrom, Peter and Riedl, John},
  booktitle={Proceedings of the 1994 ACM conference on Computer supported cooperative work},
  pages={175--186},
  year={1994},
  organization={ACM}
}

@book{FreqVector,
  title={Introduction to modern information retrieval},
  author={Chowdhury, Gobinda G},
  year={2010},
  publisher={Facet publishing}
}

@inproceedings{DefaultVote,
  title={An algorithmic framework for performing collaborative filtering},
  author={Herlocker, Jonathan L and Konstan, Joseph A and Borchers, Al and Riedl, John},
  booktitle={22nd Annual International ACM SIGIR Conference on Research and Development in Information Retrieval, SIGIR 1999},
  pages={230--237},
  year={1999},
  organization={Association for Computing Machinery, Inc}
}

@article{NaiveBayes,
  title={Improvement of collaborative filtering with the simple Bayesian classifier},
  author={Miyahara, Koji and Pazzani, Michael J},
  journal={Information Processing Society of Japan},
  volume={43},
  number={11},
  year={2002}
}

@article{ELR,
  title={Structural extension to logistic regression: Discriminative parameter learning of belief net classifiers},
  author={Greiner, Russell and Su, Xiaoyuan and Shen, Bin and Zhou, Wei},
  journal={Machine Learning},
  volume={59},
  number={3},
  pages={297--322},
  year={2005},
  publisher={Springer}
}

@book{Cluster,
  title={Data mining: concepts and techniques},
  author={Han, Jiawei and Pei, Jian and Kamber, Micheline},
  year={2011},
  publisher={Elsevier}
}

@inproceedings{FMM,
  title={Flexible mixture model for collaborative filtering},
  author={Si, Luo and Jin, Rong},
  booktitle={Proceedings of the 20th International Conference on Machine Learning (ICML-03)},
  pages={704--711},
  year={2003}
}

@inproceedings{Regression,
  title={Collaborative filtering with privacy via factor analysis},
  author={Canny, John},
  booktitle={Proceedings of the 25th annual international ACM SIGIR conference on Research and development in information retrieval},
  pages={238--245},
  year={2002},
  organization={ACM}
}

@article{CBCF,
  title={A framework for collaborative, content-based and demographic filtering},
  author={Pazzani, Michael J},
  journal={Artificial intelligence review},
  volume={13},
  number={5-6},
  pages={393--408},
  year={1999},
  publisher={Springer}
}

@article{ContentBoost,
  title={Content-boosted collaborative filtering for improved recommendations},
  author={Melville, Prem and Mooney, Raymond J and Nagarajan, Ramadass},
  journal={Aaai/iaai},
  volume={23},
  pages={187--192},
  year={2002}
}

@misc{BayesPreference,
  title={Internet recommendation systems},
  author={Ansari, Asim and Essegaier, Skander and Kohli, Rajeev},
  year={2000},
  publisher={SAGE Publications Sage CA: Los Angeles, CA}
}

@article{ProfilePreference,
  title={Fab: content-based, collaborative recommendation},
  author={Balabanovi{\'c}, Marko and Shoham, Yoav},
  journal={Communications of the ACM},
  volume={40},
  number={3},
  pages={66--72},
  year={1997},
  publisher={ACM}
}

@inproceedings{Agent,
  title={Using filtering agents to improve prediction quality in the grouplens research collaborative filtering system},
  author={Sarwar, Badrul M and Konstan, Joseph A and Borchers, Al and Herlocker, Jon and Miller, Brad and Riedl, John},
  booktitle={in the GroupLens Research Collaborative Filtering System???. Proceedings of the ACM Conference on Computer Supported Cooperative Work (CSCW},
  year={1998}
}

@article{PMCF,
  title={Probabilistic memory-based collaborative filtering},
  author={Yu, Kai and Schwaighofer, Anton and Tresp, Volker and Xu, Xiaowei and Kriegel, H-P},
  journal={IEEE Transactions on Knowledge and Data Engineering},
  volume={16},
  number={1},
  pages={56--69},
  year={2004},
  publisher={IEEE}
}

@inproceedings{PD,
  title={Collaborative filtering by personality diagnosis: A hybrid memory-and model-based approach},
  author={Pennock, David M and Horvitz, Eric and Lawrence, Steve and Giles, C Lee},
  booktitle={Proceedings of the Sixteenth conference on Uncertainty in artificial intelligence},
  pages={473--480},
  year={2000},
  organization={Morgan Kaufmann Publishers Inc.}
}

@article{Hybrid,
  title={Hybrid recommender systems: Survey and experiments},
  author={Burke, Robin},
  journal={User modeling and user-adapted interaction},
  volume={12},
  number={4},
  pages={331--370},
  year={2002},
  publisher={Springer}
}

@article{MAE,
  title={Eigentaste: A constant time collaborative filtering algorithm},
  author={Goldberg, Ken and Roeder, Theresa and Gupta, Dhruv and Perkins, Chris},
  journal={information retrieval},
  volume={4},
  number={2},
  pages={133--151},
  year={2001},
  publisher={Springer}
}

@article{EVA,
  title={Evaluating collaborative filtering recommender systems},
  author={Herlocker, Jonathan L and Konstan, Joseph A and Terveen, Loren G and Riedl, John T},
  journal={ACM Transactions on Information Systems (TOIS)},
  volume={22},
  number={1},
  pages={5--53},
  year={2004},
  publisher={ACM}
}

@inproceedings{AUC,
  title={Comparing recommendations made by online systems and friends.},
  author={Sinha, Rashmi R and Swearingen, Kirsten and others},
  booktitle={DELOS},
  year={2001}
}

@article{AUCCalculate,
  title={A simple generalisation of the area under the ROC curve for multiple class classification problems},
  author={Hand, David J and Till, Robert J},
  journal={Machine learning},
  volume={45},
  number={2},
  pages={171--186},
  year={2001},
  publisher={Springer}
}
@article{hornik1989multilayer,
  title={Multilayer feedforward networks are universal approximators},
  author={Hornik, Kurt and Stinchcombe, Maxwell and White, Halbert},
  journal={Neural networks},
  volume={2},
  number={5},
  pages={359--366},
  year={1989},
  publisher={Elsevier}
}
@inproceedings{tay2018latent,
  title={Latent relational metric learning via memory-based attention for collaborative ranking},
  author={Tay, Yi and Anh Tuan, Luu and Hui, Siu Cheung},
  booktitle={Proceedings of the 2018 World Wide Web Conference},
  pages={729--739},
  year={2018},
  organization={International World Wide Web Conferences Steering Committee}
}
@inproceedings{chen2017attentive,
  title={Attentive collaborative filtering: Multimedia recommendation with item-and component-level attention},
  author={Chen, Jingyuan and Zhang, Hanwang and He, Xiangnan and Nie, Liqiang and Liu, Wei and Chua, Tat-Seng},
  booktitle={Proceedings of the 40th International ACM SIGIR conference on Research and Development in Information Retrieval},
  pages={335--344},
  year={2017},
  organization={ACM}
}
@inproceedings{zheng2017joint,
  title={Joint deep modeling of users and items using reviews for recommendation},
  author={Zheng, Lei and Noroozi, Vahid and Yu, Philip S},
  booktitle={Proceedings of the Tenth ACM International Conference on Web Search and Data Mining},
  pages={425--434},
  year={2017},
  organization={ACM}
}
@inproceedings{catherine2017transnets,
  title={Transnets: Learning to transform for recommendation},
  author={Catherine, Rose and Cohen, William},
  booktitle={Proceedings of the Eleventh ACM Conference on Recommender Systems},
  pages={288--296},
  year={2017},
  organization={ACM}
}
@inproceedings{kim2016convolutional,
  title={Convolutional matrix factorization for document context-aware recommendation},
  author={Kim, Donghyun and Park, Chanyoung and Oh, Jinoh and Lee, Sungyoung and Yu, Hwanjo},
  booktitle={Proceedings of the 10th ACM Conference on Recommender Systems},
  pages={233--240},
  year={2016},
  organization={ACM}
}
@inproceedings{bansal2016ask,
  title={Ask the gru: Multi-task learning for deep text recommendations},
  author={Bansal, Trapit and Belanger, David and McCallum, Andrew},
  booktitle={Proceedings of the 10th ACM Conference on Recommender Systems},
  pages={107--114},
  year={2016},
  organization={ACM}
}
@inproceedings{dai2016recurrent,
  title={Recurrent coevolutionary latent feature processes for continuous-time recommendation},
  author={Dai, Hanjun and Wang, Yichen and Trivedi, Rakshit and Song, Le},
  booktitle={Proceedings of the 1st Workshop on Deep Learning for Recommender Systems},
  pages={29--34},
  year={2016},
  organization={ACM}
}
@article{he2018outer,
  title={Outer product-based neural collaborative filtering},
  author={He, Xiangnan and Du, Xiaoyu and Wang, Xiang and Tian, Feng and Tang, Jinhui and Chua, Tat-Seng},
  journal={arXiv preprint arXiv:1808.03912},
  year={2018}
}
@inproceedings{he2017neural,
  title={Neural factorization machines for sparse predictive analytics},
  author={He, Xiangnan and Chua, Tat-Seng},
  booktitle={Proceedings of the 40th International ACM SIGIR conference on Research and Development in Information Retrieval},
  pages={355--364},
  year={2017},
  organization={ACM}
}
@inproceedings{lee2018collaborative,
  title={Collaborative deep metric learning for video understanding},
  author={Lee, Joonseok and Abu-El-Haija, Sami and Varadarajan, Balakrishnan and Natsev, Apostol Paul},
  booktitle={Proceedings of the 24th ACM SIGKDD International Conference on Knowledge Discovery \& Data Mining},
  pages={481--490},
  year={2018},
  organization={ACM}
}
@inproceedings{li2016hashtag,
  title={Hashtag recommendation with topical attention-based LSTM},
  author={Li, Yang and Liu, Ting and Jiang, Jing and Zhang, Liang},
  year={2016},
  organization={Coling}
}
@inproceedings{lian2018xdeepfm,
  title={xdeepfm: Combining explicit and implicit feature interactions for recommender systems},
  author={Lian, Jianxun and Zhou, Xiaohuan and Zhang, Fuzheng and Chen, Zhongxia and Xie, Xing and Sun, Guangzhong},
  booktitle={Proceedings of the 24th ACM SIGKDD International Conference on Knowledge Discovery \& Data Mining},
  pages={1754--1763},
  year={2018},
  organization={ACM}
}
@inproceedings{lian2017cccfnet,
  title={CCCFNet: a content-boosted collaborative filtering neural network for cross domain recommender systems},
  author={Lian, Jianxun and Zhang, Fuzheng and Xie, Xing and Sun, Guangzhong},
  booktitle={Proceedings of the 26th international conference on World Wide Web companion},
  pages={817--818},
  year={2017},
  organization={International World Wide Web Conferences Steering Committee}
}
@inproceedings{lin2015learning,
  title={Learning entity and relation embeddings for knowledge graph completion},
  author={Lin, Yankai and Liu, Zhiyuan and Sun, Maosong and Liu, Yang and Zhu, Xuan},
  booktitle={Twenty-ninth AAAI conference on artificial intelligence},
  year={2015}
}
@inproceedings{niu2018neural,
  title={Neural personalized ranking for image recommendation},
  author={Niu, Wei and Caverlee, James and Lu, Haokai},
  booktitle={Proceedings of the Eleventh ACM International Conference on Web Search and Data Mining},
  pages={423--431},
  year={2018},
  organization={ACM}
}
@inproceedings{okura2017embedding,
  title={Embedding-based news recommendation for millions of users},
  author={Okura, Shumpei and Tagami, Yukihiro and Ono, Shingo and Tajima, Akira},
  booktitle={Proceedings of the 23rd ACM SIGKDD International Conference on Knowledge Discovery and Data Mining},
  pages={1933--1942},
  year={2017},
  organization={ACM}
}
@inproceedings{van2013deep,
  title={Deep content-based music recommendation},
  author={Van den Oord, Aaron and Dieleman, Sander and Schrauwen, Benjamin},
  booktitle={Advances in neural information processing systems},
  pages={2643--2651},
  year={2013}
}
@inproceedings{wang2016collaborative,
  title={Collaborative recurrent autoencoder: Recommend while learning to fill in the blanks},
  author={Wang, Hao and Xingjian, SHI and Yeung, Dit-Yan},
  booktitle={Advances in Neural Information Processing Systems},
  pages={415--423},
  year={2016}
}
@inproceedings{zhang2016collaborative,
  title={Collaborative knowledge base embedding for recommender systems},
  author={Zhang, Fuzheng and Yuan, Nicholas Jing and Lian, Defu and Xie, Xing and Ma, Wei-Ying},
  booktitle={Proceedings of the 22nd ACM SIGKDD international conference on knowledge discovery and data mining},
  pages={353--362},
  year={2016},
  organization={ACM}
}
@article{zhang2018neurec,
  title={Neurec: On nonlinear transformation for personalized ranking},
  author={Zhang, Shuai and Yao, Lina and Sun, Aixin and Wang, Sen and Long, Guodong and Dong, Manqing},
  journal={arXiv preprint arXiv:1805.03002},
  year={2018}
}
@inproceedings{wang2015collaborative,
  title={Collaborative deep learning for recommender systems},
  author={Wang, Hao and Wang, Naiyan and Yeung, Dit-Yan},
  booktitle={Proceedings of the 21th ACM SIGKDD international conference on knowledge discovery and data mining},
  pages={1235--1244},
  year={2015},
  organization={ACM}
}
@inproceedings{he2017neural,
  title={Neural collaborative filtering},
  author={He, Xiangnan and Liao, Lizi and Zhang, Hanwang and Nie, Liqiang and Hu, Xia and Chua, Tat-Seng},
  booktitle={Proceedings of the 26th international conference on world wide web},
  pages={173--182},
  year={2017},
  organization={International World Wide Web Conferences Steering Committee}
}
@article{guo2017deepfm,
  title={DeepFM: a factorization-machine based neural network for CTR prediction},
  author={Guo, Huifeng and Tang, Ruiming and Ye, Yunming and Li, Zhenguo and He, Xiuqiang},
  journal={arXiv preprint arXiv:1703.04247},
  year={2017}
}
@inproceedings{cheng2016wide,
  title={Wide \& deep learning for recommender systems},
  author={Cheng, Heng-Tze and Koc, Levent and Harmsen, Jeremiah and Shaked, Tal and Chandra, Tushar and Aradhye, Hrishi and Anderson, Glen and Corrado, Greg and Chai, Wei and Ispir, Mustafa and others},
  booktitle={Proceedings of the 1st workshop on deep learning for recommender systems},
  pages={7--10},
  year={2016},
  organization={ACM}
}
@inproceedings{elkahky2015multi,
  title={A multi-view deep learning approach for cross domain user modeling in recommendation systems},
  author={Elkahky, Ali Mamdouh and Song, Yang and He, Xiaodong},
  booktitle={Proceedings of the 24th International Conference on World Wide Web},
  pages={278--288},
  year={2015},
  organization={International World Wide Web Conferences Steering Committee}
}
@inproceedings{wu2017recurrent,
  title={Recurrent recommender networks},
  author={Wu, Chao-Yuan and Ahmed, Amr and Beutel, Alex and Smola, Alexander J and Jing, How},
  booktitle={Proceedings of the tenth ACM international conference on web search and data mining},
  pages={495--503},
  year={2017},
  organization={ACM}
}

@article{zeroshot,
title={From Zero-Shot Learning to Cold-Start Recommendation},
author={Li, Jingjing and Jing, Mengmeng and Lu, Ke and Zhu, Lei and Yang, Yang and Huang, Zi},
year={2019}}

@inproceedings{metalearning,
  title={A meta-learning perspective on cold-start recommendations for items},
  author={Vartak, Manasi and Thiagarajan, Arvind and Miranda, Conrado and Bratman, Jeshua and Larochelle, Hugo},
  booktitle={Advances in neural information processing systems},
  pages={6904--6914},
  year={2017}
}

@article{coldstart,
  title={Collaborative filtering and deep learning based recommendation system for cold start items},
  author={Wei, Jian and He, Jianhua and Chen, Kai and Zhou, Yi and Tang, Zuoyin},
  journal={Expert Systems with Applications},
  volume={69},
  pages={29--39},
  year={2017},
  publisher={Elsevier}
}

@article{currentprob,
  title={Current challenges and visions in music recommender systems research},
  author={Schedl, Markus and Zamani, Hamed and Chen, Ching-Wei and Deldjoo, Yashar and Elahi, Mehdi},
  journal={International Journal of Multimedia Information Retrieval},
  volume={7},
  number={2},
  pages={95--116},
  year={2018},
  publisher={Springer}
}

@article{LRMM,
  title={LRMM: learning to recommend with missing modalities},
  author={Wang, Cheng and Niepert, Mathias and Li, Hui},
  journal={arXiv preprint arXiv:1808.06791},
  year={2018}
}

@inproceedings{CML,
  title={Collaborative metric learning},
  author={Hsieh, Cheng-Kang and Yang, Longqi and Cui, Yin and Lin, Tsung-Yi and Belongie, Serge and Estrin, Deborah},
  booktitle={Proceedings of the 26th international conference on world wide web},
  pages={193--201},
  year={2017},
  organization={International World Wide Web Conferences Steering Committee}
}

@inproceedings{sedhain2017low,
  title={Low-rank linear cold-start recommendation from social data},
  author={Sedhain, Suvash and Menon, Aditya Krishna and Sanner, Scott and Xie, Lexing and Braziunas, Darius},
  booktitle={Thirty-First AAAI Conference on Artificial Intelligence},
  year={2017}
}

@article{wei2017collaborative,
  title={Collaborative filtering and deep learning based recommendation system for cold start items},
  author={Wei, Jian and He, Jianhua and Chen, Kai and Zhou, Yi and Tang, Zuoyin},
  journal={Expert Systems with Applications},
  volume={69},
  pages={29--39},
  year={2017},
  publisher={Elsevier}
}

@article{li2019zero,
  title={From Zero-Shot Learning to Cold-Start Recommendation},
  author={Li, Jingjing and Jing, Mengmeng and Lu, Ke and Zhu, Lei and Yang, Yang and Huang, Zi},
  journal={Age},
  volume={25},
  pages={30},
  year={2019}
}

@misc{Zafarani+Liu:2009,
author = "R. Zafarani and H. Liu",
year = "2009",
title = "Social Computing Data Repository at {ASU}",
url = "http://socialcomputing.asu.edu",
institution = "Arizona State University, School of Computing, Informatics and Decision Systems Engineering" }

@article{Harper:2015:MDH:2866565.2827872,
 author = {Harper, F. Maxwell and Konstan, Joseph A.},
 title = {The MovieLens Datasets: History and Context},
 journal = {ACM Trans. Interact. Intell. Syst.},
 issue_date = {January 2016},
 volume = {5},
 number = {4},
 month = dec,
 year = {2015},
 issn = {2160-6455},
 pages = {19:1--19:19},
 articleno = {19},
 numpages = {19},
 url = {http://doi.acm.org/10.1145/2827872},
 doi = {10.1145/2827872},
 acmid = {2827872},
 publisher = {ACM},
 address = {New York, NY, USA},
 keywords = {Datasets, MovieLens, ratings, recommendations},
} 

@article{vaswani2017attention,
title={Attention is All you Need},
author={Vaswani, Ashish and Shazeer, Noam and Parmar, Niki and Uszkoreit, Jakob and Jones, Llion and Gomez, Aidan N and Kaiser, Lukasz and Polosukhin, Illia},
journal={neural information processing systems},
pages={5998--6008},
year={2017}}

@inproceedings{zhou2018deep,
  title={Deep interest network for click-through rate prediction},
  author={Zhou, Guorui and Zhu, Xiaoqiang and Song, Chenru and Fan, Ying and Zhu, Han and Ma, Xiao and Yan, Yanghui and Jin, Junqi and Li, Han and Gai, Kun},
  booktitle={Proceedings of the 24th ACM SIGKDD International Conference on Knowledge Discovery \& Data Mining},
  pages={1059--1068},
  year={2018},
  organization={ACM}
}

@inproceedings{volkovs2017dropoutnet,
  title={Dropoutnet: Addressing cold start in recommender systems},
  author={Volkovs, Maksims and Yu, Guangwei and Poutanen, Tomi},
  booktitle={Advances in Neural Information Processing Systems},
  pages={4957--4966},
  year={2017}
}